@Manual{Simmer,
  title = {Discrete-Event Simulation for R - simmer | DES for R},
  author = {{Ucar, IÃ±aki and Smeets, Bart}},
  year = {2023},
  url = {https://r-simmer.org/index.html},
}

@Manual{Simmer2,
  title = {The Bank Tutorial: Part I}
  author = {Garmonsway, Duncan} 
  year = {2022},
  url = {https://r-simmer.org/articles/simmer-04-bank-1.html}
}